<record><leader>00000cas a22000007a 4500</leader><controlfield tag="001">11699057</controlfield><controlfield tag="008">850215d19111975kyuwr ne      0    0eng d</controlfield><datafield ind1=" " ind2=" " tag="010"><subfield code="a">sn 85052003 </subfield></datafield><datafield ind1=" " ind2=" " tag="040"><subfield code="a">KNP</subfield><subfield code="b">eng</subfield><subfield code="c">KNP</subfield><subfield code="d">DLC</subfield><subfield code="d">KNP</subfield><subfield code="d">NVF</subfield><subfield code="d">OCLCQ</subfield><subfield code="d">OCLCF</subfield><subfield code="d">OCLCO</subfield></datafield><datafield ind1="1" ind2=" " tag="029"><subfield code="a">AU@</subfield><subfield code="b">000020368949</subfield></datafield><datafield ind1=" " ind2=" " tag="042"><subfield code="a">msc</subfield></datafield><datafield ind1=" " ind2=" " tag="043"><subfield code="a">n-us-ky</subfield></datafield><datafield ind1="0" ind2=" " tag="130"><subfield code="a">Hazard herald (Hazard, Ky. : 1911)</subfield></datafield><datafield ind1="1" ind2="4" tag="245"><subfield code="a">The Hazard herald.</subfield></datafield><datafield ind1=" " ind2=" " tag="260"><subfield code="a">Hazard, Ky. :</subfield><subfield code="b">Herald Pub. Co.</subfield></datafield><datafield ind1=" " ind2=" " tag="310"><subfield code="a">Weekly</subfield></datafield><datafield ind1="1" ind2=" " tag="362"><subfield code="a">Began in 1911; ceased in 1975.</subfield></datafield><datafield ind1=" " ind2=" " tag="500"><subfield code="a">Vol. 1, no. 1 located as a reprint in June 22, 1949 issue.</subfield></datafield><datafield ind1=" " ind2=" " tag="515"><subfield code="a">Suspended Nov. 1951-May 1952.</subfield></datafield><datafield ind1=" " ind2=" " tag="588"><subfield code="a">Description based on: Vol. 1, no. 1 (June 22, 1911).</subfield></datafield><datafield ind1=" " ind2="0" tag="651"><subfield code="a">Hazard (Ky.)</subfield><subfield code="v">Newspapers.</subfield></datafield><datafield ind1=" " ind2="0" tag="651"><subfield code="a">Perry County (Ky.)</subfield><subfield code="v">Newspapers.</subfield></datafield><datafield ind1=" " ind2="7" tag="655"><subfield code="a">Newspapers.</subfield><subfield code="2">fast</subfield><subfield code="0">(OCoLC)fst01423814</subfield></datafield><datafield ind1=" " ind2="7" tag="651"><subfield code="a">Kentucky</subfield><subfield code="z">Hazard.</subfield><subfield code="2">fast</subfield><subfield code="0">(OCoLC)fst01218108</subfield></datafield><datafield ind1=" " ind2="7" tag="651"><subfield code="a">Kentucky</subfield><subfield code="z">Perry County.</subfield><subfield code="2">fast</subfield><subfield code="0">(OCoLC)fst01219906</subfield></datafield><datafield ind1=" " ind2=" " tag="752"><subfield code="a">United States</subfield><subfield code="b">Kentucky</subfield><subfield code="c">Perry</subfield><subfield code="d">Hazard.</subfield></datafield><datafield ind1="0" ind2="0" tag="780"><subfield code="t">Mountaineer</subfield></datafield><datafield ind1="0" ind2="7" tag="785"><subfield code="t">Herald-voice (Hazard, Ky.)</subfield><subfield code="w">(DLC)sn 85052006</subfield></datafield></record>